
@article{VisDificultadesMonteroMahecha_2021,
  title = {Visibilización de dificultades educativas: Los retos del gobierno
           colombiano y de las comunidades educativas para afrontarlas},
  volume = {21},
  url = {https://revistas.ucr.ac.cr/index.php/aie/article/view/46489},
  DOI = {10.15517/aie.v21i3.46489},
  abstractNote = {&amp;lt;p&amp;gt;El presente ensayo se realiza con el fin de
                  dar a conocer los obstáculos que ha afrontado la educación
                  pública colombiana y la inequidad que se ha visibilizado con la
                  llegada de la pandemia del Covid- 19. Para ello se analizan
                  diversas dificultades, entre las que se encuentran, la carencia
                  de un Proyecto Educativo Institucional sólido, la ausencia de
                  conectividad y la insuficiencia de equipos y conocimientos
                  tecnológicos de la comunidad educativa, los cuales tienen de
                  trasfondo la falta de conocimiento en el manejo de herramientas
                  digitales y/o la escasez de recursos económicos, al igual que
                  la carencia de hábitos de auto aprendizaje. De allí que es
                  necesario que quienes estén involucrados en el proceso
                  enseñanza aprendizaje, desempeñen con compromiso el papel que
                  les corresponde, de tal manera que se cumpla a cabalidad con el
                  currículo, independientemente de las circunstancias que lo
                  rodeen. Como conclusión, se establece la responsabilidad que
                  debe asumir el Estado en la asignación de presupuesto para el
                  sector educativo y apoyo a las comunidades, el compromiso de la
                  escuela para liderar la armonización continua con un PEI
                  adaptado al contexto y susceptible a la desescolarización, la
                  tarea que deben cumplir el estudiantado para abordar con
                  autonomía el proceso educativo y la importancia de que las
                  familias sean preparadas por la misma escuela, para afrontar
                  las necesidades que demanda la educación
                  actual.&amp;lt;/p&amp;gt;},
  number = {3},
  journal = {Actualidades Investigativas en Educación},
  author = {Montero Mahecha, Luz Stella},
  year = {2021},
  month = {sep.},
  pages = {1–24},
}
@misc{ONU2024,
  author = {{Organización de las Naciones Unidas}},
  title = {Educación},
  year = {2024},
  howpublished = {\url{https://www.un.org/sustainabledevelopment/es/education/}},
  note = {Accedido: 14 de diciembre de 2024},
}

@article{BLOOM1984,
  title = {The 2 Sigma Problem: The Search for Methods of Group Instruction as
           Effective as One-to-One Tutoring},
  volume = {13},
  ISSN = {1935-102X},
  url = {http://dx.doi.org/10.3102/0013189X013006004},
  DOI = {10.3102/0013189x013006004},
  number = {6},
  journal = {Educational Researcher},
  publisher = {American Educational Research Association (AERA)},
  author = {BLOOM, BENJAMIN S.},
  year = {1984},
  month = jun,
  pages = {4–16},
}

@article{Anderson_act_1990,
  author = {Anderson, John R. and Boyle, C. Franklin and Corbett, Albert T. and
            Lewis, Matthew W.},
  title = {Cognitive modeling and intelligent tutoring},
  year = {1990},
  issue_date = {Feb. 1990},
  publisher = {Elsevier Science Publishers Ltd.},
  address = {GBR},
  volume = {42},
  number = {1},
  issn = {0004-3702},
  url = {https://doi.org/10.1016/0004-3702(90)90093-F},
  doi = {10.1016/0004-3702(90)90093-F},
  journal = {Artif. Intell.},
  month = feb,
  pages = {7–49},
  numpages = {43},
}

@inbook{Taatgen2005ACT-R,
  title = {Modeling Paradigms in ACT-R},
  url = {http://dx.doi.org/10.1017/CBO9780511610721.003},
  DOI = {10.1017/cbo9780511610721.003},
  booktitle = {Cognition and Multi-Agent Interaction},
  publisher = {Cambridge University Press},
  author = {Taatgen, Niels and Lebiere, Christian and Anderson, John},
  year = {2005},
  month = dec,
  pages = {29–52},
}

@article{Mitrovic2011CBM,
  title = {Fifteen years of constraint-based tutors: what we have achieved and
           where we are going},
  volume = {22},
  ISSN = {1573-1391},
  url = {http://dx.doi.org/10.1007/s11257-011-9105-9},
  DOI = {10.1007/s11257-011-9105-9},
  number = {1–2},
  journal = {User Modeling and User-Adapted Interaction},
  publisher = {Springer Science and Business Media LLC},
  author = {Mitrovic, Antonija},
  year = {2011},
  month = oct,
  pages = {39–72},
}

@inproceedings{ChatPLTGarciaBosque2024,
  series = {HEAd24},
  title = {ChatPLT: An intelligent tutoring system for teaching Physics in
           Higher Education},
  url = {http://dx.doi.org/10.4995/HEAd24.2024.17261},
  DOI = {10.4995/head24.2024.17261},
  booktitle = {10th International Conference on Higher Education Advances
               (HEAd’24)},
  publisher = {Universitat Politècnica de València},
  author = {Garcia-Bosque, Miguel and Naya-Forcano, Abel and Cascarosa, Esther
            and Aznar, Francisco and Sánchez-Azqueta, Carlos and Celma, Santiago
            and Aldea, Concepción},
  year = {2024},
  month = jun,
  collection = {HEAd24},
}

@misc{MOOC2MAIC,
  doi = {10.48550/ARXIV.2409.03512},
  url = {https://arxiv.org/abs/2409.03512},
  author = {Yu, Jifan and Zhang, Zheyuan and Zhang-li, Daniel and Tu, Shangqing
            and Hao, Zhanxin and Li, Rui Miao and Li, Haoxuan and Wang, Yuanchun
            and Li, Hanming and Gong, Linlu and Cao, Jie and Lin, Jiayin and Zhou
            , Jinchang and Qin, Fei and Wang, Haohua and Jiang, Jianxiao and Deng
            , Lijun and Zhan, Yisi and Xiao, Chaojun and Dai, Xusheng and Yan,
            Xuan and Lin, Nianyi and Zhang, Nan and Ni, Ruixin and Dang, Yang and
            Hou, Lei and Zhang, Yu and Han, Xu and Li, Manli and Li, Juanzi and
            Liu, Zhiyuan and Liu, Huiqin and Sun, Maosong},
  keywords = {Computers and Society (cs.CY), Computation and Language (cs.CL),
              FOS: Computer and information sciences, FOS: Computer and
              information sciences},
  title = {From MOOC to MAIC: Reshaping Online Teaching and Learning through
           LLM-driven Agents},
  publisher = {arXiv},
  year = {2024},
  copyright = {Creative Commons Attribution Non Commercial No Derivatives 4.0
               International},
}
